@article{milgram1967small,
  title={The small world problem},
  author={Milgram, Stanley},
  journal={Psychology today},
  volume={2},
  number={1},
  pages={60--67},
  year={1967},
  publisher={New York}
}

@article{travers1969experimental,
  title={An experimental study of the small world problem},
  author={Travers, Jeffrey and Milgram, Stanley},
  journal={Sociometry},
  pages={425--443},
  year={1969},
  publisher={JSTOR}
}


@article{shen2013scalable,
  title={A scalable and mobility-resilient data search system for large-scale mobile wireless networks},
  author={Shen, Haiying and Li, Ze and Chen, Kang},
  year={2013},
  publisher={IEEE}
}


@inproceedings{datar2004locality,
  title={Locality-sensitive hashing scheme based on p-stable distributions},
  author={Datar, Mayur and Immorlica, Nicole and Indyk, Piotr and Mirrokni, Vahab S},
  booktitle={Proceedings of the twentieth annual symposium on Computational geometry},
  pages={253--262},
  year={2004},
  organization={ACM}
}




@article{Mateescu2011440,
    title = "Hybrid Computingâ€”Where \{HPC\} meets grid and Cloud Computing ",
    journal = "Future Generation Computer Systems ",
    volume = "27",
    number = "5",
    pages = "440 - 453",
    year = "2011",
    note = "",
    issn = "0167-739X",
    doi = "http://dx.doi.org/10.1016/j.future.2010.11.003",
    url = "http://www.sciencedirect.com/science/article/pii/S0167739X1000213X",
    author = "Gabriel Mateescu and Wolfgang Gentzsch and Calvin J. Ribbens",
    keywords = "Distributed systems",
    keywords = "Scheduling",
    keywords = "Cloud computing",
    keywords = "\{HPC\}",
    keywords = "Statistical reservation",
    keywords = "Cloud bursting",
    keywords = "Virtualization",
    keywords = "Distributed hash table "
}

@article{liparameter,
    title={Parameter Server for Distributed Machine Learning},
    author={Li, Mu and Zhou, Li and Yang, Zichao and Li, Aaron and Xia, Fei and Andersen, David G and Smola, Alexander}
}


@inproceedings{lee2012pond,
  title={Pond: dynamic creation of htc pool on demand using a decentralized resource discovery system},
  author={Lee, Kyungyong and Wolinsky, David and Figueiredo, Renato J},
  booktitle={Proceedings of the 21st international symposium on High-Performance Parallel and Distributed Computing},
  pages={161--172},
  year={2012},
  organization={ACM}
}




@article{thain2005distributed,
  title={Distributed computing in practice: The Condor experience},
  author={Thain, Douglas and Tannenbaum, Todd and Livny, Miron},
  journal={Concurrency and Computation: Practice and Experience},
  volume={17},
  number={2-4},
  pages={323--356},
  year={2005},
  publisher={Wiley Online Library}
}


@inproceedings{anderson2004boinc,
  title={Boinc: A system for public-resource computing and storage},
  author={Anderson, David P},
  booktitle={Grid Computing, 2004. Proceedings. Fifth IEEE/ACM International Workshop on},
  pages={4--10},
  year={2004},
  organization={IEEE}
}



@article{larson2002folding,
	title={Folding@ Home and Genome@Home: Using distributed computing to tackle previously intractable problems in computational biology},
	author={Larson, Stefan M and others},
	year={2002},
	publisher={Citeseer}
}

@article{babaoglu2014people,
	title={The people's cloud},
	author={Babaoglu, Ozalp and Marzolla, Moreno},
	journal={Spectrum, IEEE},
	volume={51},
	number={10},
	pages={50--55},
	year={2014},
	publisher={IEEE}
}



@article{pastor2001epidemic,
  title={Epidemic spreading in scale-free networks},
  author={Pastor-Satorras, Romualdo and Vespignani, Alessandro},
  journal={Physical review letters},
  volume={86},
  number={14},
  pages={3200},
  year={2001},
  publisher={APS}
}


@article{hagberg2004,
  title={Networkx. High productivity software for complex networks},
  author={Hagberg, Aric and Schult, Dan and Swart, Pieter and Conway, D and S{\'e}guin-Charbonneau, L and Ellison, C and Edwards, B and Torrents, J},
  journal={Webov{\'a} str{\'a} nka https://networkx. lanl. gov/wiki},
  year={2004}
}


@article{cohen2000resilience,
  title={Resilience of the Internet to random breakdowns},
  author={Cohen, Reuven and Erez, Keren and Ben-Avraham, Daniel and Havlin, Shlomo},
  journal={Physical review letters},
  volume={85},
  number={21},
  pages={4626},
  year={2000},
  publisher={APS}
}

@ARTICLE{load, 
	author={Haiying Shen and Cheng-Zhong Xu}, 
	journal={Parallel and Distributed Systems, IEEE Transactions on}, 
	title={{Locality-Aware and Churn-Resilient Load-Balancing Algorithms in Structured Peer-to-Peer Networks}}, 
	year={2007}, 
	volume={18}, 
	number={6}, 
	pages={849-862}, 
	keywords={file organisation;peer-to-peer computing;resource allocation;churn-resilient load-balancing algorithm;data redistribution algorithm;distributed hash table;location awareness;structured peer-to-peer overlay network;Computer Society;Costs;Intrusion detection;Load management;Peer to peer computing;Resource management;Robustness;Cycloid;distributed hash table;heterogeneity;load balancing;peer-to-peer;proximity.}, 
	doi={10.1109/TPDS.2007.1040}, 
	ISSN={1045-9219}
}


@techreport{dingledine2004tor,
	title={Tor: The second-generation onion router},
	author={Dingledine, Roger and Mathewson, Nick and Syverson, Paul},
	year={2004},
	institution={DTIC Document}
}

@ARTICLE{astar, 
	author={Hart, P.E. and Nilsson, N.J. and Raphael, B.}, 
	journal={Systems Science and Cybernetics, IEEE Transactions on}, 
	title={A Formal Basis for the Heuristic Determination of Minimum Cost Paths}, 
	year={1968}, 
	volume={4}, 
	number={2}, 
	pages={100-107}, 
	keywords={Automatic control;Automatic programming;Chemical technology;Costs;Functional programming;Gradient methods;Instruction sets;Mathematical programming;Minimax techniques;Minimization methods}, 
	doi={10.1109/TSSC.1968.300136}, 
	ISSN={0536-1567},}


@inproceedings{bauer2007low,
	title={Low-resource routing attacks against tor},
	author={Bauer, Kevin and McCoy, Damon and Grunwald, Dirk and Kohno, Tadayoshi and Sicker, Douglas},
	booktitle={Proceedings of the 2007 ACM workshop on Privacy in electronic society},
	pages={11--20},
	year={2007},
	organization={ACM}
}

@article{cotton2011internet,
	title={Internet assigned numbers authority ({IANA}) procedures for the management of the service name and transport protocol port number registry},
	author={Cotton, M and Eggert, L and Touch, J and Westerlund, M and Cheshire, S},
	journal={work in progress},
	year={2011}
}


@article{shannon2001mathematical,
	title={A mathematical theory of communication},
	author={Shannon, Claude Elwood},
	journal={ACM SIGMOBILE Mobile Computing and Communications Review},
	volume={5},
	number={1},
	pages={3--55},
	year={2001},
	publisher={ACM}
}



@inproceedings{white2010overcoming,
	title={Overcoming reputation and proof-of-work systems in botnets},
	author={White, Andrew and Tickle, Alan and Clark, Andrew},
	booktitle={Network and System Security (NSS), 2010 4th International Conference on},
	pages={120--127},
	year={2010},
	organization={IEEE}
}

@article {Zimmerman2020.06.27.175430,
	author = {Zimmerman, Maxwell I. and others},
	title = {SARS-CoV-2 Simulations Go Exascale to Capture Spike Opening and Reveal Cryptic Pockets Across the Proteome},
	elocation-id = {2020.06.27.175430},
	year = {2020},
	doi = {10.1101/2020.06.27.175430},
	publisher = {Cold Spring Harbor Laboratory},
	abstract = {SARS-CoV-2 has intricate mechanisms for initiating infection, immune evasion/suppression, and replication, which depend on the structure and dynamics of its constituent proteins. Many protein structures have been solved, but far less is known about their relevant conformational changes. To address this challenge, over a million citizen scientists banded together through the Folding@home distributed computing project to create the first exascale computer and simulate an unprecedented 0.1 seconds of the viral proteome. Our simulations capture dramatic opening of the apo Spike complex, far beyond that seen experimentally, which explains and successfully predicts the existence of {\textquoteleft}cryptic{\textquoteright} epitopes. Different Spike homologues modulate the probabilities of open versus closed structures, balancing receptor binding and immune evasion. We also observe dramatic conformational changes across the proteome, which reveal over 50 {\textquoteleft}cryptic{\textquoteright} pockets that expand targeting options for the design of antivirals. All data and models are freely available online, providing a quantitative structural atlas.Competing Interest StatementThe authors have declared no competing interest.},
	URL = {https://www.biorxiv.org/content/early/2020/10/07/2020.06.27.175430},
	eprint = {https://www.biorxiv.org/content/early/2020/10/07/2020.06.27.175430.full.pdf},
	journal = {bioRxiv}
}

@misc{folding2020Review,
	author={Bowman, Greg},
	title={2020 in review, and happy new year 2021!},
	url={https://foldingathome.org/2021/01/05/2020-in-review-and-happy-new-year-2021/}
}
@misc{sandvineCOVID2020,
	author={Sandvine},
	title={The Global Internet Phenomena Report COVID-19 Spotlight},
	month={May},
	year={2020},
	note={https://www.sandvine.com/phenomena},
	url={https://www.sandvine.com/phenomena}
}

